<?xml version="1.0" encoding="UTF-8"?><collection xmlns="http://www.loc.gov/MARC21/slim"><record><leader>00391nam--2200133-i-4500</leader><controlfield tag="001">000022529</controlfield><controlfield tag="002">20161230</controlfield><controlfield tag="005">20161230201034</controlfield><controlfield tag="008">060222s1000------------r-----000-0-eng-d</controlfield><datafield ind1=" " ind2=" " tag="080"><subfield code="a">621.375.82</subfield></datafield><datafield ind1=" " ind2=" " tag="100"><subfield code="a">Hardin, Jean</subfield></datafield><datafield ind1=" " ind2=" " tag="245"><subfield code="a">Contribution a l`etude et a la construction d`un maser a ammoniac. these</subfield></datafield><datafield ind1=" " ind2=" " tag="260"><subfield code="a">Besancon, La Faculte Des Sciences De L`Univ., 1962.Iv+37 P</subfield></datafield><datafield ind1=" " ind2=" " tag="852"><subfield code="a">22834</subfield></datafield></record></collection>